<record><leader>00000cas a22000007a 4500</leader><controlfield tag="001">18068904</controlfield><controlfield tag="008">880610d19591972wausr ne      0    0eng d</controlfield><datafield ind1=" " ind2=" " tag="010"><subfield code="a">sn 88085640 </subfield></datafield><datafield ind1=" " ind2=" " tag="040"><subfield code="a">SLZ</subfield><subfield code="b">eng</subfield><subfield code="c">SLZ</subfield><subfield code="d">OCL</subfield><subfield code="d">WAU</subfield><subfield code="d">OCLCQ</subfield><subfield code="d">OCLCF</subfield><subfield code="d">OCLCO</subfield></datafield><datafield ind1=" " ind2=" " tag="019"><subfield code="a">12110537</subfield></datafield><datafield ind1="1" ind2=" " tag="029"><subfield code="a">AU@</subfield><subfield code="b">000022176701</subfield></datafield><datafield ind1=" " ind2=" " tag="042"><subfield code="a">msc</subfield></datafield><datafield ind1=" " ind2=" " tag="043"><subfield code="a">n-usp--</subfield></datafield><datafield ind1="0" ind2=" " tag="130"><subfield code="a">Northwest flyer (Parkland, Wash.)</subfield></datafield><datafield ind1="1" ind2="4" tag="245"><subfield code="a">The Northwest flyer.</subfield></datafield><datafield ind1=" " ind2=" " tag="260"><subfield code="a">Parkland, Wash. :</subfield><subfield code="b">Times Journal Pub. Co.,</subfield><subfield code="c">[1959-1972]</subfield></datafield><datafield ind1=" " ind2=" " tag="300"><subfield code="a">v. :</subfield><subfield code="b">ill. ;</subfield><subfield code="c">46 cm.</subfield></datafield><datafield ind1=" " ind2=" " tag="310"><subfield code="a">Semimonthly</subfield></datafield><datafield ind1="0" ind2=" " tag="362"><subfield code="a">Vol. 1, no. 1 (Mar. 9, 1959)-13th year, no. 12 (2nd issue of Aug. 1972).</subfield></datafield><datafield ind1=" " ind2=" " tag="500"><subfield code="a">Published: Tacoma, Wash. : Northwest Flyer, &lt;1971&gt;-1972.</subfield></datafield><datafield ind1=" " ind2=" " tag="550"><subfield code="a">Official publication of: Seattle Seabee Club, Washington Aviation Association, Washington Pilots Association and other similar organizations.</subfield></datafield><datafield ind1=" " ind2="0" tag="650"><subfield code="a">Aeronautics</subfield><subfield code="z">Northwest, Pacific</subfield><subfield code="v">Newspapers.</subfield></datafield><datafield ind1=" " ind2="0" tag="650"><subfield code="a">Private flying</subfield><subfield code="z">Northwest, Pacific</subfield><subfield code="v">Newspapers.</subfield></datafield><datafield ind1=" " ind2="0" tag="651"><subfield code="a">Northwestern States</subfield><subfield code="v">Newspapers.</subfield></datafield><datafield ind1=" " ind2="7" tag="655"><subfield code="a">Newspapers.</subfield><subfield code="2">fast</subfield><subfield code="0">(OCoLC)fst01423814</subfield></datafield><datafield ind1=" " ind2="7" tag="650"><subfield code="a">Aeronautics.</subfield><subfield code="2">fast</subfield><subfield code="0">(OCoLC)fst00798293</subfield></datafield><datafield ind1=" " ind2="7" tag="650"><subfield code="a">Private flying.</subfield><subfield code="2">fast</subfield><subfield code="0">(OCoLC)fst01077482</subfield></datafield><datafield ind1=" " ind2="7" tag="651"><subfield code="a">Pacific Northwest.</subfield><subfield code="2">fast</subfield><subfield code="0">(OCoLC)fst01242543</subfield></datafield><datafield ind1=" " ind2="7" tag="651"><subfield code="a">United States</subfield><subfield code="z">Northwestern States.</subfield><subfield code="2">fast</subfield><subfield code="0">(OCoLC)fst01242548</subfield></datafield><datafield ind1="2" ind2=" " tag="710"><subfield code="a">Seattle Seabee Club.</subfield></datafield><datafield ind1="2" ind2=" " tag="710"><subfield code="a">Washington Aviation Association.</subfield></datafield><datafield ind1="2" ind2=" " tag="710"><subfield code="a">Washington Pilots Association.</subfield></datafield><datafield ind1=" " ind2=" " tag="752"><subfield code="a">United States</subfield><subfield code="b">Washington</subfield><subfield code="c">Pierce</subfield><subfield code="d">Parkland.</subfield></datafield><datafield ind1=" " ind2=" " tag="752"><subfield code="a">United States</subfield><subfield code="b">Washington</subfield><subfield code="c">Pierce</subfield><subfield code="d">Tacoma.</subfield></datafield><datafield ind1="0" ind2="0" tag="785"><subfield code="t">Western flyer (Tacoma, Wash.)</subfield><subfield code="x">0274-9645</subfield><subfield code="w">(DLC)sn 88085639</subfield><subfield code="w">(OCoLC)18068840</subfield></datafield></record>